<record><leader>00000cas a2200000 a 4500</leader><controlfield tag="001">31084897</controlfield><controlfield tag="008">940830d1994199ufluwr ne      0    0eng c</controlfield><datafield ind1=" " ind2=" " tag="010"><subfield code="a">sn 96027385 </subfield></datafield><datafield ind1=" " ind2=" " tag="040"><subfield code="a">NYP</subfield><subfield code="b">eng</subfield><subfield code="c">NYP</subfield><subfield code="d">FUG</subfield><subfield code="d">OCLCQ</subfield><subfield code="d">OCLCF</subfield><subfield code="d">OCLCO</subfield></datafield><datafield ind1=" " ind2=" " tag="012"><subfield code="i">9604</subfield></datafield><datafield ind1="1" ind2=" " tag="029"><subfield code="a">AU@</subfield><subfield code="b">000012446148</subfield></datafield><datafield ind1=" " ind2=" " tag="042"><subfield code="a">pcc</subfield></datafield><datafield ind1=" " ind2=" " tag="043"><subfield code="a">n-us-fl</subfield></datafield><datafield ind1="0" ind2=" " tag="130"><subfield code="a">South Florida Jewish tribune (Miami, Fla. : Dade ed.)</subfield></datafield><datafield ind1="1" ind2="0" tag="245"><subfield code="a">South Florida Jewish tribune.</subfield></datafield><datafield ind1=" " ind2=" " tag="250"><subfield code="a">Dade ed.</subfield></datafield><datafield ind1=" " ind2=" " tag="260"><subfield code="a">Miami, Fla. :</subfield><subfield code="b">Jewish Media Group,</subfield><subfield code="c">1994-</subfield></datafield><datafield ind1=" " ind2=" " tag="300"><subfield code="a">v. :</subfield><subfield code="b">ill. ;</subfield><subfield code="c">35 cm.</subfield></datafield><datafield ind1=" " ind2=" " tag="310"><subfield code="a">Weekly</subfield></datafield><datafield ind1="0" ind2=" " tag="362"><subfield code="a">Vol. 8, no. 11 (Mar. 4-10, 1994)-</subfield></datafield><datafield ind1=" " ind2=" " tag="530"><subfield code="a">Also issued on microfilm from the University of Florida.</subfield></datafield><datafield ind1=" " ind2=" " tag="580"><subfield code="a">Other eds.: South Florida Jewish tribune (Miami, Fla. : Broward ed.), 1994; and: South Florida Jewish tribune (Miami, Fla. : Palm Beach ed.), &lt;1994&gt;.</subfield></datafield><datafield ind1=" " ind2=" " tag="580"><subfield code="a">Formed by the union of: Miami Jewish tribune, and: Broward Jewish world, and: Palm Beach Jewish world (West Palm Beach, Fla. : 1989).</subfield></datafield><datafield ind1=" " ind2=" " tag="588"><subfield code="a">Latest issue consulted: Vol. 8, no. 25 (June 10-16, 1994).</subfield></datafield><datafield ind1=" " ind2="0" tag="650"><subfield code="a">Jewish newspapers</subfield><subfield code="z">Florida.</subfield></datafield><datafield ind1=" " ind2="0" tag="651"><subfield code="a">Miami (Fla.)</subfield><subfield code="v">Newspapers.</subfield></datafield><datafield ind1=" " ind2="0" tag="651"><subfield code="a">Miami-Dade County (Fla.)</subfield><subfield code="v">Newspapers.</subfield></datafield><datafield ind1=" " ind2="7" tag="655"><subfield code="a">Newspapers.</subfield><subfield code="2">fast</subfield><subfield code="0">(OCoLC)fst01423814</subfield></datafield><datafield ind1=" " ind2="7" tag="650"><subfield code="a">Jewish newspapers.</subfield><subfield code="2">fast</subfield><subfield code="0">(OCoLC)fst00982872</subfield></datafield><datafield ind1=" " ind2="7" tag="651"><subfield code="a">Florida.</subfield><subfield code="2">fast</subfield><subfield code="0">(OCoLC)fst01205150</subfield></datafield><datafield ind1=" " ind2="7" tag="651"><subfield code="a">Florida</subfield><subfield code="z">Miami.</subfield><subfield code="2">fast</subfield><subfield code="0">(OCoLC)fst01213727</subfield></datafield><datafield ind1=" " ind2="7" tag="651"><subfield code="a">Florida</subfield><subfield code="z">Miami-Dade County.</subfield><subfield code="2">fast</subfield><subfield code="0">(OCoLC)fst01287298</subfield></datafield><datafield ind1=" " ind2=" " tag="752"><subfield code="a">United States</subfield><subfield code="b">Florida</subfield><subfield code="c">Dade</subfield><subfield code="d">Miami.</subfield></datafield><datafield ind1="1" ind2=" " tag="775"><subfield code="t">South Florida Jewish tribune (Miami, Fla. : Broward ed.)</subfield><subfield code="g">1994</subfield><subfield code="w">(DLC)sn 95068811</subfield><subfield code="w">(OCoLC)32595670</subfield></datafield><datafield ind1="1" ind2=" " tag="775"><subfield code="t">South Florida Jewish tribune (Miami, Fla. : Palm Beach ed.)</subfield><subfield code="g">&lt;1994&gt;</subfield></datafield><datafield ind1="1" ind2=" " tag="776"><subfield code="c">Microfilm</subfield><subfield code="d">George A. Smathers Libraries, University of Florida</subfield><subfield code="w">(DLC)sn 96027663</subfield><subfield code="w">(OCoLC)35315263</subfield></datafield><datafield ind1="1" ind2="4" tag="780"><subfield code="t">Miami Jewish tribune</subfield><subfield code="x">0891-6659</subfield><subfield code="w">(DLC)sn 86010622</subfield><subfield code="w">(OCoLC)14947978</subfield></datafield><datafield ind1="1" ind2="4" tag="780"><subfield code="t">Broward Jewish world</subfield><subfield code="w">(DLC)sn 95068810</subfield><subfield code="w">(OCoLC)32595579</subfield></datafield><datafield ind1="1" ind2="4" tag="780"><subfield code="t">Palm Beach Jewish world (West Palm Beach, Fla. : 1989)</subfield><subfield code="w">(DLC)sn 91065006</subfield><subfield code="w">(OCoLC)23288796</subfield></datafield><datafield ind1=" " ind2=" " tag="850"><subfield code="a">FU</subfield></datafield></record>